<?xml version="1.0" encoding="UTF-8"?><collection xmlns="http://www.loc.gov/MARC21/slim"><record><leader>00439nam--2200157-u-4500</leader><controlfield tag="001">000051679</controlfield><controlfield tag="002">20161230</controlfield><controlfield tag="005">20170102172313</controlfield><controlfield tag="008">080818s1000------------r-----000-0-eng-d</controlfield><datafield ind1=" " ind2=" " tag="040"><subfield code="a">IFIN-HH</subfield></datafield><datafield ind1="1" ind2=" " tag="100"><subfield code="a">Evgrafov, M. A</subfield></datafield><datafield ind1="1" ind2=" " tag="245"><subfield code="a">Asimptoticeskie otenki i telie functii</subfield></datafield><datafield ind1=" " ind2=" " tag="260"><subfield code="a">Moscva</subfield><subfield code="b">Gosudarstvennoe izdatedystvo fiziko-matematicesoi literaturi</subfield><subfield code="c">1962</subfield></datafield><datafield ind1=" " ind2=" " tag="300"><subfield code="a">200 p</subfield></datafield><datafield ind1=" " ind2=" " tag="852"><subfield code="a">8552</subfield><subfield code="c">517.53</subfield></datafield><datafield ind1=" " ind2=" " tag="CAT"><subfield code="a">SYS</subfield><subfield code="c">20170102</subfield><subfield code="h">172313</subfield></datafield></record></collection>